@article{mezclaequilibrada,
  title={Estructuras de Datos en Java},
  author={Joyanes, A. et al..},
  year={2008},
  publisher={Mc Graw-Hill}
}
 
@misc{polifase,
 	title = {APUNTES DE ESTRUCTURAS DE DATOS},
 	author = {JORGE I},
 	note  =  {\url{http://www.ptolomeo.unam.mx:8080/xmlui/bitstream/handle/132.248.52.100/12604/APUNTES%20DE%20ESTRUCTURAS%20DE%20DATOS.pdf?sequence=1}},
 	note = {Ingresado el: 10/11/2020},
 }